@misc{oocwcrepo,
 author = {Bátfai, N.},
 title = {{robocar-emulator}},
 url = {https://github.com/nbatfai/robocar-emulator},
 year = {2015} 
 }

@misc{competitions,
 key = {{OOCWC Competitions}},
 title = {{Competition Result of Debrecen}},
 url = {http://justine.inf.unideb.hu/2015/Europe/Hungary/Debrecen/},
 year = {2015} 
 }

@misc{osm,
 key = {{OSM}},
 title = {{OpenStreetMap}},
 url = {https://www.openstreetmap.org/},
 year = {2016} 
 }

@misc{jxmapv,
 author = {Martin Steiger},
 title = {{jxmapviewer2}},
 url = {https://github.com/msteiger/jxmapviewer2},
 year = {2016} 
}


@article{infocomjournal,
 title={{Traffic Simulation based on the Robocar World Championship Initiative}},
 author={Bátfai, Norbert and Besenczi, Renátó and Mamenyák, András and Ispány, Márton},
 journal={Infocommunications Journal},
 volume={7},
 number={3},
 pages={50-59},
 year={2015}
}

@misc{googlecarimage,
 key = {Google Self-driving car image},
 title = {{Google Self-driving car image}},
 url = {http://www.newsnish.com/cars/latest-car-news/robocar-google-deploys-nextgen-cars/},
 year = {2015} 
}

@misc{unpopulation,
title = {{World Urbanization Prospects. The 2007 Revision}},
key = {{United Nations}},
url = {http://www.un.org/esa/population/publicationslwup2007/2007/WUP_Highlights_web.pdf},
year = {2015}
}

@misc{navigant,
 key = {Navigant},
 title = {{Smart Cities Navigant Research}},
 url = {http://www.navigantresearch.com/research/smart-cities},
 year = {2015} 
 }

@misc{icity,
 key = {{iCity}},
 title = {{iCity Project}},
 url = {http://www.icityproject.eu/},
 year = {2015} 
}

@misc{vital,
 author = {{VITAL}},
 title = {{VITAL}},
 url = {http://www.vital-iot.eu/},
 year = {2015} 
}

@misc{fiware,
 key = {{Fi-Ware}},
 title = {{Fi-Ware}},
 url = {http://www.fiware.org/},
 year = {2015} 
}

@misc{myneighbourhood,
 key = {{MyNeighbourhood}},
 title = {{MyNeighbourhood Initiative}},
 url = {http://my-neighbourhood.eu/},
 year = {2015} 
}

@misc{futureglasgow,
 author = {{Future City}},
 title = {{Future City Glasgow}},
 url = {http://futurecity.glasgow.gov.uk/},
 year = {2015} 
}

@misc{smartsantander,
 key = {{SmartSantander}},
 title = {{SmartSantander}},
 url = {http://www.smartsantander.eu/},
 year = {2015} 
}

@article{yamauchi2014development,
  title={{Development of Quantitative Evaluation Method regarding Value and Environmental Impact of Cities}},
  author={Yamauchi, Takahiro and Kutami, Michinori and Konishi-Nagano, Tomoko},
  journal={Fujitsu Sci. Tech. J},
  volume={50},
  number={2},
  pages={112--120},
  year={2014}
}

@article{neirotti2014current,
  title={{Current trends in Smart City initiatives: Some stylised facts}},
  author={Neirotti, Paolo and De Marco, Alberto and Cagliano, Anna Corinna and Mangano, Giulio and Scorrano, Francesco},
  journal={Cities},
  volume={38},
  pages={25--36},
  year={2014},
  publisher={Elsevier}
}

@misc{de2014smart,
  title={Smart city: fact and fiction},
  author={De Santis, Roberta and Fasano, Alessandra and Mignolli, Nadia and Villa, Anna},
  year={2014},
  url={https://mpra.ub.uni-muenchen.de/54536/}
}

@inproceedings{carli2013measuring,
 title={{Measuring and managing the smartness of cities: A framework for classifying performance indicators}},
 author={Carli, Raffaele and Dotoli, Mariagrazia and Pellegrino, Roberta and Ranieri, Luigi},
 booktitle={Systems, Man, and Cybernetics (SMC), 2013 IEEE International Conference on},
 pages={1288--1293},
 year={2013},
 organization={IEEE}
}

@article{du2012research,
  title={Research on urban public safety emergency management early warning system based on technologies for the internet of things},
  author={Du, Chunquan and Zhu, Shunbing},
  journal={Procedia Engineering},
  volume={45},
  pages={748--754},
  year={2012},
  publisher={Elsevier}
}

@misc{c++98,
 key={{C++1998}},
 title={{ISO/IEC 14882:1998}},
 year={1998},
 url={http://www.iso.org/iso/catalogue_detail.htm?csnumber=25845}
}

@misc{c++03,
 key={{C++2003}},
 title={{ISO/IEC 14882:2003}},
 year={2003},
 url={http://www.iso.org/iso/catalogue_detail.htm?csnumber=38110}
}

@misc{c++11,
 key={{C++2011}},
 title={{ISO/IEC 14882:2011}},
 year={2011},
 url={http://www.iso.org/iso/iso_catalogue/catalogue_tc/catalogue_detail.htm?csnumber=50372}
}

@misc{c++14,
 key={{C++2014}},
 title={{ISO/IEC 14882:2014}},
 year={2014},
 url={http://www.iso.org/iso/home/store/catalogue_ics/catalogue_detail_ics.htm?csnumber=64029}
}

@misc{boostlogo,
 key = {Boost logo},
 title = {Boost logo},
 url = {http://boost.cvs.sourceforge.net/viewvc/boost/boost/boost.png?revision=1.2&view=markup},
 year = {2005} 
}

@misc{gitlogo,
 key = {Git logo},
 title = {Git logo},
 url = {https://git-scm.com/},
 year = {2016} 
}

@misc{mavenlogo,
 key = {Maven logo},
 title = {Maven logo},
 url = {https://maven.apache.org/},
 year = {2016} 
}

@misc{smartcitylogo,
 key={Smart City Logo},
 title={Smart City Logo},
 url={https://eu-smartcities.eu/content/spanish-ministry-industry-presents-report-prospect-development-smart-cities-spain},
 year={2016}
}

@misc{jpanel,
 key={Java Swing JPanel},
 title={Java Swing JPanel},
 url={https://docs.oracle.com/javase/7/docs/api/javax/swing/JPanel.html},
 year={2016}
}

@misc{odbl,
 author={{R. Weait}},
 title={OpenStreetMap data license is ODbL},
 url={https://blog.openstreetmap.org/2012/09/12/openstreetmap-data-license-is-odbl/},
 year={2012}
}

@inproceedings{robocup,
 author = {Kitano, Hiroaki and Asada, Minoru and Kuniyoshi, Yasuo and Noda, Itsuki and Osawa, Eiichi},
 title = {{RoboCup: The Robot World Cup Initiative}},
 booktitle = {Proceedings of the First International Conference on Autonomous Agents},
 series = {AGENTS '97},
 pages = {340--347},
 numpages = {8},
 publisher = {ACM},
 year = {1997}
}

@misc{bgl,
 key={Boost Graph Library},
 title={Boost Graph Library},
 url={http://www.boost.org/doc/libs/1_60_0/libs/graph/doc/index.html},
 year={2001}
}

@misc{awt,
 key={AWT},
 title={Abstract Window Toolkit},
 url={https://docs.oracle.com/javase/8/docs/api/java/awt/package-summary.html},
 year={2016}
}

@misc{javafx,
 key={JavaFX},
 title={JavaFX},
 url={http://docs.oracle.com/javase/8/javafx/get-started-tutorial/jfx-overview.htm#JFXST784},
 year={2016}
}

@inproceedings{swingarticle,
 author={Loy, Marc and Eckstein, Robert and Wood, Dave and Elliott, James and Cole, Brian},
 booktitle={Java Swing (2 ed.)},
 pages={53},
 year={2012},
 publisher={O'Reilly Media, Inc.}
}

@techreport{giffinger2007smart,
  title={{Smart cities-Ranking of European medium-sized cities}},
  author={Giffinger, Rudolf and Fertner, Christian and Kramar, Hans and Kalasek, Robert and Pichler-Milanovic, Nata{\v{s}}a and Meijers, Evert},
  year={2007},
  institution={Vienna University of Technology}
}

@misc{aboutjava, 
 key={About Java},
 title={About the Java programming language.},
 url={https://www.java.com/en/about/},
 year={2016}
}

@misc{aboutmaven,
 key={About Maven},
 title={What is Maven?},
 url={https://maven.apache.org/what-is-maven.html},
 year={2016}
}

@misc{turbine,
 key={The Jakarta Turbine Project},
 title={The Jakarta Turbine Project},
 url={https://turbine.apache.org/},
 year={2016}
}

@misc{ant,
 key={Apache Ant},
 title={Apache Ant},
 url={http://ant.apache.org/},
 year={2016}
}

@misc{javahistory,
 key={History of the Java language},
 title={History of the Java language},
 url={http://www.oracle.com/technetwork/java/javase/overview/javahistory-index-198355.html},
 year={2016}
}

@misc{osmhistory,
 key={History of the OpenStreetMap},
 title={History of the OpenStreetMap},
 url={http://wiki.openstreetmap.org/wiki/History_of_OpenStreetMap},
 year={2016}
}

@misc{driveai,
 key={Drive.ai},
 title={Drive.ai Brings Deep Learning to Self-Driving Cars},
 url={http://spectrum.ieee.org/cars-that-think/transportation/self-driving/driveai-brings-deep-learning-to-selfdriving-cars/},
 year={2016}
}

@misc{cogito,
 key={Cogito},
 title={Cogito},
 url={http://git.or.cz/cogito/},
 year={2006}
}

@misc{bitkeeper,
 key={BitKeeper},
 title={BitKeeper},
 url={http://www.bitkeeper.com/},
 year={2015}
}

@misc{josm,
 key={JOSM},
 title={JOSM},
 url={https://josm.openstreetmap.de/},
 year={2016}
}

@misc{potlatch,
 key={Potlatch},
 title={Potlatch},
 url={http://wiki.openstreetmap.org/wiki/Potlatch_1}
 year={2015}
}

@misc{mapsme,
 key={Maps.me},
 title={Maps.me},
 url={http://maps.me/en/home},
 year={2016}
}

@misc{mavenrepository,
 key={Maven Repository Center},
 title={Maven Repository Center},
 url={https://maven.apache.org/repository/index.html},
 year={2016}
}

@article{wora,
  title={JavaSoft ships Java 1.0},
  author={Sun Microsystems},
  journal={Java's write-once-run-everywhere capability along with its easy accessibility have propelled the software and Internet communities to embrace it as the de facto standard for writing applications for complex networks},
  year={1996}
}

@article{gitspeed,
 title={"Re: Kernel SCM saga.."},
 author={Linus Torvalds},
 journal={linux-kernel (Mailing list). "So I'm writing some scripts to try to track things a whole lot faster."},
 year={2005}
}

@article{gitdata,
 title={"Re: fatal: serious inflate inconsistency"},
 author={Linus Torvalds},
 journal={git (Mailing list). A brief description of Git's data integrity design goals.},
 year={2007}
}

@article{gitunique,
 title={"Re: VCS comparison table"},
 author={Linus Torvalds},
 journal={git (Mailing list). A discussion of Git vs. BitKeeper},
 year={2006}
}